@article{issues,
    author      = "P. Kumar and R. Thakur",
    title       = "Recommendation system techniques and related issues: a survey",
    journal     = "International Journal of Information Technology",
    volume      = "10",
    pages       = "495--501",
    year        = "2018",
    DOI         = {\url{https://doi.org/10.1007/s41870-018-0138-8}}
}

@article{soa,
  author        = "G. Adomavicius and A. Tuzhilin",
  journal       = "IEEE Transactions on Knowledge and Data Engineering", 
  title         = "Toward the next generation of recommender systems: a survey of the state-of-the-art and possible extensions", 
  year          = "2005",
  volume        = "17",
  number        = "6",
  pages         = "734--749",
  DOI           = {\url{https://doi.org/10.1109/TKDE.2005.99}}
}

@misc{sslsurvey,
    title       = "Self-Supervised Learning for Recommender Systems: A Survey", 
    author      = "J. Yu and H. Yin and X. Xia and T. Chen and J. Li and Z. Huang",
    year        = "2022",
    eprint      = "2203.15876",
    archivePrefix= "arXiv",
    primaryClass= "cs.IR",
    DOI         = {\url{https://doi.org/10.48550/arXiv.2203.15876}}
}

@inproceedings{sgl,
    title       = "Self-supervised Graph Learning for Recommendation",
    booktitle   = "Proceedings of the 44th International {ACM} {SIGIR} Conference on Research and Development in Information Retrieval",
    author      = "J. Wu and X. Wang and F. Feng and X. He and L. Chen and J. Lian and X. Xie",
    year        = "2021",
    month       = "jul",
    pages       = "726--735",
    publisher   = {{ACM}},
    doi         = "10.1145/3404835.3462862",
    url         = "https://doi.org/10.1145\%2F3404835.3462862"
}